@article{Ali2016Long,
 author = {Ali, Nauman Bin and Petersen, Kai and Schneider, Kurt},
 title = {FLOW-assisted Value Stream Mapping in the Early Phases of Large-scale Software Development},
 journal={Journal of Systems and Software},
 issue_date = {January 2016},
 volume = {111},
 number = {C},
 month = jan,
 year = {2016},
 issn = {0164-1212},
 pages = {213--227},
 numpages = {15},
 url = {http://dx.doi.org/10.1016/j.jss.2015.10.013},
 doi = {10.1016/j.jss.2015.10.013},
 acmid = {2873563},
 publisher = {Elsevier Science Inc.},
 address = {New York, NY, USA},
 keywords = {Case study research, Lean software development, Value stream mapping},
} 

@article{Ali2016,
 author = {Ali, Nauman Bin and Petersen, Kai and Schneider, Kurt},
 title = {FLOW-assisted Value Stream Mapping in the Early Phases of Large-scale Software Development},
 journal={Journal of Systems and Software},
 issue_date = {January 2016},
 month = jan,
 year = {2016},
 publisher = {Elsevier Science Inc.},
 address = {New York, NY, USA},
} 

@book{AndersonKanban,
  title={Kanban: successful evolutionary change for your technology business},
  author={Anderson, David J},
  year={2010},
  publisher={Blue Hole Press}
}

@article{Artino2008Long,
  title={Cognitive Load Theory and the Role of Learner Experience: An Abbreviated Review for Educational Practitioners},
  author={Artino Jr, Anthony R},
  journal={Aace Journal},
  volume={16},
  number={4},
  pages={425--439},
  year={2008}
}

@article{Artino2008,
  title={Cognitive Load Theory and the Role of Learner Experience: An Abbreviated Review for Educational Practitioners},
  author={Artino Jr, Anthony R},
  journal={Aace Journal},
  volume={16},
  number={4},
  year={2008}
}

@book{BeckExtremeProgramming2004,
  title={Extreme Programming Explained: Embrace Change (2nd Edition)},
  author = {Beck, Kent and Andres, Cynthia},
  publisher={Addison-Wesley Professional},
  year={2004}
}

@book{CharmazLong,
  title={Constructing Grounded Theory},
  author={Charmaz, K.},
  isbn={9781446293492},
  series={Introducing Qualitative Methods series},
  url={https://books.google.com/books?id=y0ooAwAAQBAJ},
  year={2014},
  publisher={SAGE Publications}
}

@book{Charmaz,
  title={Constructing Grounded Theory},
  author={Charmaz, K.},
  isbn={9781446293492},
  year={2014},
  publisher={SAGE Publications}
}

@book{DerbyAgileRetrospectives,
 author = {Derby, Esther and Larsen, Diana},
 title = {Agile Retrospectives: Making Good Teams Great},
 year = {2006},
 isbn = {0977616649},
 publisher = {Pragmatic Bookshelf},
} 

@article{Fitzgerald2015continuous,
  title={Continuous software engineering: A roadmap and agenda},
  author={Fitzgerald, Brian and Stol, Klaas-Jan},
  journal={Journal of Systems and Software},
  year={2015},
  publisher={Elsevier}
}

@book{GlaserIssues,
  title={Doing Grounded Theory: Issues and Discussions},
  author={Glaser, Barney},
  year={1998},
  publisher={Sociology Press}
}

@book{GlaserTheoreticalSensitivityLong,
  title={Theoretical Sensitivity: Advances in the Methodology of Grounded Theory},
  author={Glaser, Barney},
  lccn={lc78113442},
  url={https://books.google.com/books?id=73-2AAAAIAAJ},
  year={1978},
  publisher={Sociology Press}
}

@book{GlaserTheoreticalSensitivity,
  title={Theoretical Sensitivity: Advances in the Methodology of Grounded Theory},
  author={Glaser, Barney},
  year={1978},
  publisher={Sociology Press}
}

@inproceedings{Grudin2002personasLong,
  title={Personas, Participatory Design and Product Development: An Infrastructure for Engagement},
  author={Grudin, Jonathan and Pruitt, John},
  booktitle={Participatory Design Conference},
  pages={144--161},
  year={2002}
}

@inproceedings{Grudin2002personas,
  title={Personas, Participatory Design and Product Development: An Infrastructure for Engagement},
  author={Grudin, Jonathan and Pruitt, John},
  booktitle={Participatory Design Conference},
  year={2002}
}

% Jost, J.T., Banaji, M.R. and Nosek, B.A. 2004. A Decade of System Justification Theory: Accumulated evidence of conscious and unconscious bolstering of the status quo. Political Psychology. 25, 6, 881â€“919.

@article {JostDecadeOfSystemJustificationLong,
  author = {Jost, John T. and Banaji, Mahzarin R. and Nosek, Brian A.},
  title = {A Decade of System Justification Theory: Accumulated Evidence of Conscious and Unconscious Bolstering of the Status Quo},
  journal = {Political Psychology},
  volume = {25},
  number = {6},
  publisher = {Blackwell Publishing Ltd.},
  issn = {1467-9221},
  url = {http://dx.doi.org/10.1111/j.1467-9221.2004.00402.x},
  doi = {10.1111/j.1467-9221.2004.00402.x},
  pages = {881--919},
  keywords = {ideology, system justification, intergroup relations, implicit bias},
  year = {2004},
}

@article {JostDecadeOfSystemJustification,
  author = {Jost, John T. and Banaji, Mahzarin R. and Nosek, Brian A.},
  title = {A Decade of System Justification Theory: Accumulated Evidence of Conscious and Unconscious Bolstering of the Status Quo},
  journal = {Political Psychology},
  volume = {25},
  number = {6},
  publisher = {Blackwell Publishing Ltd.},
  year = {2004},
}

@article {Khurum2014Long,
  author = {Khurum, Mahvish and Petersen, Kai and Gorschek, Tony},
  title = {Extending value stream mapping through waste definition beyond customer perspective},
  journal = {Journal of Software: Evolution and Process},
  volume = {26},
  number = {12},
  issn = {2047-7481},
  url = {http://dx.doi.org/10.1002/smr.1647},
  doi = {10.1002/smr.1647},
  pages = {1074--1105},
  keywords = {lean software development, software process improvement, value stream mapping, software product management, software project management},
  year = {2014},
  note = {JSME-12-0095.R1},
}

@article {Khurum2014,
  author = {Khurum, Mahvish and Petersen, Kai and Gorschek, Tony},
  title = {Extending value stream mapping through waste definition beyond customer perspective},
  journal = {Journal of Software: Evolution and Process},
  volume = {26},
  number = {12},
  year = {2014},
}

@book{LencioniDeathByMeeting,
 author = {Lencioni, Patrick},
 title = {Death by Meeting: A Leadership Fable},
 year = {2004},
 publisher = {Jossey-Bass},
} 

@book{LikerToyotaWay,
  title={The Toyota Way : 14 Management Principles from the World's Greatest Manufacturer},
  author={Liker, Jeffrey},
  year={2004},
  publisher={McGraw-Hill Education}
}

@phdthesis{Longo2014Dissertation,
  title={Formalising human mental workload as a defeasible computational concept},
  author={Longo, Luca},
  year={2014},
  school={Trinity College}
}

@article{McConnellTechnicalDebtLong,
  title={Managing technical debt},
  author={McConnell, Steve},
  journal={Construx Software Builders, Inc},
  pages={1--14},
  year={2008}
}

@techreport{McConnellTechnicalDebt,
  title={Managing technical debt},
  author={McConnell, Steve},
  institution={Construx Software Builders, Inc},
  year={2008}
}

@article{MonsellTaskSwitchingLong,
  title={Task switching},
  author={Monsell, Stephen},
  journal={Trends in cognitive sciences},
  volume={7},
  number={3},
  pages={134--140},
  year={2003},
  publisher={Elsevier}
}

@article{MonsellTaskSwitching,
  title={Task switching},
  author={Monsell, Stephen},
  journal={Trends in cognitive sciences},
  volume={7},
  number={3},
  year={2003},
  publisher={Elsevier}
}

@inproceedings{Mujtaba2010Long,
   author = {Mujtaba, Shahid and Feldt, Robert and Petersen, Kai},
   title = {Waste and Lead Time Reduction in a Software Product Customization Process with Value Stream Maps},
   booktitle = {Proceedings of the 21st Australian Software Engineering Conference},
   series = {ASWEC},
   year = {2010},
   isbn = {978-0-7695-4006-1},
   pages = {139--148},
   numpages = {10},
   url = {http://dx.doi.org/10.1109/ASWEC.2010.37},
   doi = {10.1109/ASWEC.2010.37},
   acmid = {1826432},
   publisher = {IEEE Computer Society},
   address = {Washington, DC, USA},
   keywords = {Value Stream Mapping, Value Stream Analysis, Software Development Wastes, Software Product Customization, Software Process Improvement, Lean Software Development},
} 

@inproceedings{Mujtaba2010,
   author = {Mujtaba, Shahid and Feldt, Robert and Petersen, Kai},
   title = {Waste and Lead Time Reduction in a Software Product Customization Process with Value Stream Maps},
   booktitle = {Proceedings of the 21st Australian Software Engineering Conference},
   series = {ASWEC},
   year = {2010},
} 

@book{OhnoToyotaProductionSystem,
  title={Toyota production system: beyond large-scale production},
  author={Ohno, Taiichi},
  year={1988},
  publisher={Productivity Press}
}

@article{Petersen2011Long,
 author={Petersen, Kai and Wohlin, Claes},
 title = {Measuring the Flow in Lean Software Development},
 journal={Software: Practice and experience},
 issue_date = {August 2011},
 volume = {41},
 number = {9},
 month = aug,
 year = {2011},
 issn = {0038-0644},
 pages = {975--996},
 numpages = {22},
 url = {http://dx.doi.org/10.1002/spe.975},
 doi = {10.1002/spe.975},
 acmid = {2003055},
 publisher = {John Wiley \& Sons, Inc.},
 address = {New York, NY, USA},
 keywords = {agile software development, development flow, goal-question-metric, lean software development},
} 

@article{Petersen2011,
 author={Petersen, Kai and Wohlin, Claes},
 title = {Measuring the Flow in Lean Software Development},
 journal={Software: Practice and experience},
 issue_date = {August 2011},
 year = {2011},
 publisher = {John Wiley \& Sons, Inc.},
 address = {New York, NY, USA},
 keywords = {agile software development, development flow, goal-question-metric, lean software development},
} 

@book{PoppendieckLeanSoftwareDevelopment,
  title={Lean Software Development: An Agile Toolkit: An Agile Toolkit},
  author={Poppendieck, Mary and Poppendieck, Tom},
  year={2003},
  publisher = {Addison-Wesley Professional},
}

@book{PoppendieckResultsNotPoint,
 author = {Poppendieck, Mary and Poppendieck, Tom},
 title = {Leading Lean Software Development: Results Are Not the Point},
 year = {2009},
 isbn = {0321620704, 9780321620705},
 edition = {1st},
 publisher = {Addison-Wesley Professional},
} 

@book{PoppendieckConceptToCash,
 author = {Poppendieck, Mary and Poppendieck, Tom},
 title = {Implementing Lean Software Development: From Concept to Cash},
 year = {2006},
 isbn = {0321437381},
 publisher = {Addison-Wesley Professional},
} 

@Inbook{PowerImpedimentsLong,
  author="Power, Ken and Conboy, Kieran",
  editor="Cantone, Giovanni and Marchesi, Michele",
  title="Impediments to Flow: Rethinking the Lean Concept of `Waste' in Modern Software Development",
  bookTitle="Agile Processes in Software Engineering and Extreme Programming: 15th International Conference, XP 2014, Rome, Italy, May 26-30, 2014. Proceedings",
  year="2014",
  publisher="Springer International Publishing",
  address="Cham",
  pages="203--217",
  isbn="978-3-319-06862-6",
  doi="10.1007/978-3-319-06862-6_14",
  url="http://dx.doi.org/10.1007/978-3-319-06862-6_14"
}


@inproceedings{PowerImpediments,
  author="Power, Ken and Conboy, Kieran",
  title="Impediments to Flow: Rethinking the Lean Concept of `Waste' in Modern Software Development",
  booktitle="Proceedings of Agile Processes in Software Engineering and Extreme Programming",
  series = {XP},
  location = {Rome, Italy},
  year={2014},
  publisher={Springer International Publishing},
}


@inproceedings{SedanoTeamCodeOwnership,
   author={Sedano, Todd, and Ralph, Paul and P\'eraire, CÃ©cile},
   title = {Practice and Perception of Team Code Ownership},
   booktitle = {Proceedings of the 20th International Conference on Evaluation and Assessment in Software Engineering},
   series = {EASE},
   year = {2016},
   location = {Limerick, Ireland},
}

@inproceedings{SedanoSustainableSoftware,
   author={Sedano, Todd, and Ralph, Paul and P\'eraire, CÃ©cile},
   title={Sustainable Software Development through Overlapping Pair Rotation},
   booktitle = {Proceedings of the International Symposium on Empirical Software Engineering and Measurement International Conference on Software Engineering},
   series = {ESEM},
   year = {2016},
   location = {Ciudad Real, Spain},
}

@phdthesis{SedanoDissertation,
   author={Sedano, Todd},
    title = {Sustainable Software Development: Evolving Extreme Programming},
    school = {Carnegie Mellon University},
    year = {2017}
}

@incollection{Selye1976Long,
  title={Stress without Distress},
  author={Selye, Hans},
  booktitle={Psychopathology of Human Adaptation},
  pages={137--146},
  year={1976},
  publisher={Springer}
}

@incollection{Selye1976,
  title={Stress without Distress},
  author={Selye, Hans},
  booktitle={Psychopathology of Human Adaptation},
  year={1976},
  publisher={Springer}
}

@book{ShingoToyotaProductionSystem,
  title={A study of the Toyota Production System: From an Industrial Engineering Viewpoint},
  author={Shingo, Shigeo and Dillon, Andrew P},
  year={1989},
  publisher={CRC Press}
}

@inproceedings{StolGroundedTheory,
   author = {Stol, Klaas-Jan and Ralph, Paul and Fitzgerald, Brian},
   title = {Grounded Theory in Software Engineering Research: A Critical Review and Guideline},
   booktitle = {Proceedings of the 2016 International Conference on Software Engineering},
   series = {ICSE},
   year = {2016},
   location = {Austin, Texas, USA},
}

@article{Sweller1988Long,
  title={Cognitive Load During Problem Solving: Effects on Learning},
  author={Sweller, John},
  journal={Cognitive Science},
  volume={12},
  number={2},
  pages={257--285},
  year={1988},
  publisher={Wiley Online Library}
}

@article{Sweller1988,
  title={Cognitive Load During Problem Solving: Effects on Learning},
  author={Sweller, John},
  journal={Cognitive Science},
  volume={12},
  number={2},
  year={1988},
  publisher={Wiley Online Library}
}


@article{Sweller2010Long,
  title={Element Interactivity and Intrinsic, Extraneous, and Germane Cognitive Load},
  author={Sweller, John},
  journal={Educational Psychology Review},
  volume={22},
  number={2},
  pages={123--138},
  year={2010},
  publisher={Springer}
}

@article{Sweller2010,
  title={Element Interactivity and Intrinsic, Extraneous, and Germane Cognitive Load},
  author={Sweller, John},
  journal={Educational Psychology Review},
  volume={22},
  number={2},
  year={2010},
  publisher={Springer}
}


@book{TabakaCollaborationExplained,
 author = {Tabaka, Jean},
 title = {Collaboration Explained: A Practical Guide for Agile Software Projects},
 year = {2006},
 isbn = {0321268776},
 publisher = {Addison-Wesley Professional},
} 

@article{VanSweller2005Long,
  title={Cognitive Load Theory and Complex Learning: Recent Developments and Future Directions},
  author={Van Merri\"enboer, Jeroen JG and Sweller, John},
  journal={Educational Psychology Review},
  volume={17},
  number={2},
  pages={147--177},
  year={2005},
  publisher={Springer}
}

@article{VanSweller2005,
  title={Cognitive Load Theory and Complex Learning: Recent Developments and Future Directions},
  author={Van Merri\"enboer, Jeroen JG and Sweller, John},
  journal={Educational Psychology Review},
  volume={17},
  number={2},
  year={2005},
  publisher={Springer}
}

@article{Westman2001Long,
  title={The Impact of Vacation and Job Stress on Burnout and Absenteeism},
  author={Westman, Mina and Etzion, Dalia},
  journal={Psychology \& Health},
  volume={16},
  number={5},
  pages={595--606},
  year={2001},
  publisher={Taylor \& Francis}
}

@article{Westman2001,
  title={The Impact of Vacation and Job Stress on Burnout and Absenteeism},
  author={Westman, Mina and Etzion, Dalia},
  journal={Psychology \& Health},
  volume={16},
  number={5},
  year={2001},
  publisher={Taylor \& Francis}
}


@book{WomackLeanThinking,
  title={Lean thinking: banish waste and create wealth in your corporation},
  author={Womack, James P and Jones, Daniel T},
  year={1996},
  publisher={Simon and Schuster}
}

